2794 3315
381 456 578 502 numems
618 458 690 501 'ant
717 459 863 515 posset
899 457 974 501 aut
997 458 1092 500 non
1129 412 1313 514 posset.-
1332 434 1652 508 Quamobrem
1662 458 1749 514 ine-³,
1785 504 1816 515 ,λ
1843 503 1878 519 a..

380 538 494 577 recte
524 535 720 590 scriptum
749 537 819 577 aut
848 533 964 577 ahter
991 533 1276 577 &metiendum
1304 533 1391 587 est,
1431 533 1627 590 quidquid
1645 533 1758 578 liuto
1769 530 1948 596 W.
2126 568 2164 591 λ,λ

381 614 424 653 et
452 608 775 665 exceptionibus.
835 608 900 652 Ac
928 608 981 651 de
1009 608 1072 651 his
1103 608 1262 664 quidem
1292 609 1370 652 etsi
1400 609 1513 653 alius
1531 608 1628 667 mihi
1656 620 1759 656 mox
1779 609 1879 653 erit
1881 607 2067 658 «tioudi

375 686 460 741 jam
489 696 599 728 nunc
628 695 758 740 pauca
787 683 1025 740 praefabor,
1061 695 1167 739 quae
1206 683 1365 740 quidem
1404 684 1455 726 ad
1483 683 1775 728 Hermannuin
1780 683 2039 755 pertine-nt,
2064 683 2280 740 inem
2276 678 2386 731 vlu

381 760 627 817 cogitatione
657 760 922 803 cummaxime
952 763 1037 802 toto
1068 759 1200 801 animo
1230 770 1377 801 versor
1397 758 1682 815 lubenter-que
1692 759 1934 815 acquiesco.
1960 758 2063 804 Nan
2085 758 2184 803 filu}
2199 758 2383 814 Μαι

380 848 456 891 per
487 848 535 877 se
564 835 814 891 intelligitur,
844 835 1077 889 ubicunque
1107 835 1183 887 sit,
1214 835 1324 889 quod
1352 834 1497 889 aliquis
1525 834 1667 877 sedate
1695 834 2012 890 interloquatur,
2049 834 2229 878 senum
2237 837 2369 878 uton-

381 911 476 953 dum
506 922 622 962 esse,
654 923 778 965 quum
808 910 850 951 bi
879 921 1026 953 versus
1056 910 1211 952 recitati
1241 910 1342 962 sint,
1372 922 1455 951 non
1484 914 1538 952 ιιι
1559 909 1781 952 tetrametri
1809 909 1866 952 ad
1885 909 2041 952 cann’ca
2059 908 2188 952 relati.
2217 889 2371 952 Veru-

378 985 418 1026 id
448 985 556 1040 quod
587 997 668 1026 non
698 984 804 1041 fugit
832 985 1105 1027 Hermannum
1135 997 1175 1040 p.
1203 982 1309 1037 168,
1340 984 1413 1027 ubi
1440 996 1568 1039 pauca
1598 984 1650 1026 de
1679 984 1815 1027 multis
1843 984 2031 1041 exempla
2058 984 2235 1041 collegit,
2261 983 2372 1027 solet

378 1060 594 1102 Terentius
626 1060 675 1101 ab
706 1060 796 1114 ipso
826 1071 976 1102 scenae
1005 1060 1117 1102 initio
1148 1060 1325 1101 iambicis
1365 1059 1609 1101 tetrametris
1648 1070 1772 1101 uuum
1811 1059 2086 1114 septenarium
2122 1058 2370 1120 tmchaicmn
2417 1099 2419 1102 .
2490 1089 2495 1092 -
2549 1045 2552 1050 ¹

378 1136 443 1176 vel
473 1136 553 1176 duo
585 1136 865 1190 praemittere,
898 1136 1006 1190 quod
1036 1135 1131 1175 facit
1159 1135 1359 1175 interdum
1390 1135 1513 1175 etiam
1548 1134 1731 1176 secundo
1768 1134 1884 1186 loco,
1921 1134 1991 1177 ubi
2026 1135 2171 1176 iterum
2211 1133 2369 1176 numeri

380 1215 609 1261 mutantur,
656 1211 767 1252 velut
795 1210 837 1251 in
868 1210 1111 1252 Phormione
1140 1210 1198 1263 11,
1241 1209 1263 1251 1
1295 1210 1383 1250 init.
1410 1214 1451 1250 et
1490 1210 1634 1252 iterum
1673 1209 1818 1251 ibidem
1847 1222 1887 1250 v.
1915 1208 1975 1251 22
2003 1221 2066 1265 sq.
2127 1209 2227 1252 Tum
2255 1197 2368 1269 Her*-

377 1298 548 1328 mannus
580 1297 657 1327 suo
682 1287 778 1340 jure
808 1286 995 1338 miratur,
1042 1286 1110 1340 qui
1140 1285 1287 1327 factum
1318 1286 1391 1337 sit,
1437 1290 1483 1326 ut
1520 1285 1561 1326 in
1598 1285 1720 1327 latina
1761 1284 1969 1327 comoedia
2008 1285 2228 1327 tetrametri
2259 1296 2366 1326 con-

376 1362 486 1402 trarii
510 1362 796 1416 jungerentur.
868 1360 1003 1409 Quare
1035 1374 1074 1415 p.
1110 1358 1191 1401 163
1222 1372 1284 1414 sq.
1324 1360 1450 1402 hosce
1491 1361 1667 1402 comicos
1709 1364 1824 1415 putat
1861 1372 1984 1414 quum
2021 1364 2202 1415 veterem
2239 1364 2368 1402 artem

378 1448 425 1476 ac
455 1436 703 1490 disciplinam
734 1435 939 1477 metricam
970 1436 1133 1476 omnino
1163 1447 1304 1490 parum
1335 1435 1535 1491 cognitam
1567 1435 1770 1487 habuisse,
1801 1439 1885 1476 tum
1914 1447 1991 1490 per
2020 1446 2204 1476 errorem
2230 1434 2365 1477 Grae—

377 1523 517 1554 corum
548 1514 771 1566 systemata
802 1522 929 1567 saepe
959 1511 1014 1552 ita
1044 1510 1291 1563 distinxisse,
1323 1514 1368 1552 ut
1397 1511 1550 1551 iambos
1582 1510 1787 1563 trochaei,
1815 1509 2030 1551 trochaeos
2060 1510 2180 1551 iambi
2207 1521 2364 1565 seque-

375 1590 527 1629 rentur.
589 1587 645 1627 At
675 1590 960 1641 praeterquam
992 1586 1100 1641 quod
1130 1586 1258 1628 Plauti
1277 1587 1522 1641 Terentique
1543 1591 1670 1628 metra
1688 1598 1772 1628 non
1792 1586 1943 1628 veteris
1961 1578 2197 1630 comoediae
2217 1586 2364 1641 splen-

325 1716 330 1721 λ
375 1661 474 1705 dore
506 1661 579 1704 sed
608 1662 803 1704 tenuitate
834 1672 967 1704 novae
997 1661 1198 1704 metienda
1227 1665 1343 1705 sunt:
1375 1661 1415 1704 hi
1445 1662 1551 1704 enim
1566 1660 1774 1704 Menandri
1794 1665 1946 1715 metra,
1975 1672 2059 1703 non
2078 1660 2363 1718 Aristophanis

376 1737 652 1780 imitabantur:
691 1738 854 1780 meliora
885 1737 964 1779 hoc
992 1737 1085 1793 ipso
1114 1738 1156 1779 in
1194 1738 1284 1780 loco
1326 1738 1375 1779 ab
1415 1737 1589 1793 antiquis
1631 1737 1805 1779 metricis
1836 1737 2073 1790 edocemur,
2118 1749 2223 1792 quos
2253 1737 2365 1779 Her-

376 1824 547 1854 mannus
595 1816 665 1864 (ut
705 1812 812 1867 quod
852 1824 919 1854 res
966 1817 1030 1855 est
1070 1813 1219 1864 dicam)
1265 1814 1380 1853 nimis
1421 1817 1681 1854 contemnere
1725 1813 1895 1854 solebat.
1968 1812 2272 1854 Proficiscamur
2315 1813 2366 1853 ab

376 1888 677 1943 Hephaestione
717 1900 755 1942 p.
791 1885 874 1929 118
905 1887 951 1929 G.
1021 1887 1121 1930 Τῶν
1163 1886 1209 1930 δὲ
1246 1885 1355 1930 κατὰ
1387 1886 1531 1946 στίχον
1557 1885 1613 1930 τὰ
1652 1887 1740 1944 μέν
1775 1888 1866 1931 ἐστι
1901 1884 2062 1944 μικτὰ,
2103 1884 2158 1930 τὰ
2201 1885 2249 1930 δὲ
2288 1886 2356 1930 οὔ.

380 1962 452 2005 καὶ
480 1961 613 2019 μικτὰ
644 1964 745 2018 μὲν,
781 1960 1285 2019 ὡςαὶΜενάνὸρου
1313 1961 1612 2020 κωμῳδίαι·
1646 1966 1719 2018 πῆ
1750 1964 1853 2019 μὲν
1881 1960 1982 2020 γὰρ
2019 1959 2366 2020 τετράμετρα

375 2041 441 2079 ἐν
470 2041 537 2094 τῷ
571 2035 713 2093 αὐτῷ
745 2035 1030 2093 ποιήματι
1062 2039 1263 2088 (carmine
1292 2039 1317 2079 i.
1346 2052 1382 2080 e.
1415 2043 1578 2090 scena),
1618 2041 1691 2091 πῆ
1725 2036 1780 2080 δὲ
1817 2036 2087 2093 τρίμετρα
2117 2035 2365 2093 εὑρίσκε-

374 2128 436 2154 τα
454 2129 480 2154 ι.
516 2109 570 2154 τοὶ
603 2110 650 2154 δὲ
682 2110 857 2167 ἄμικτα,
894 2109 950 2160 ὡς
973 2113 1018 2153 αἱ
1036 2115 1117 2154 τοῦ
1132 2110 1342 2169 Ὸμκὴρου
1358 2111 1590 2170 ῥαψῳδίαι.
1634 2112 1735 2154 Τῶν
1758 2110 1805 2154 δὲ
1821 2109 1931 2155 κατὰ
1959 2110 2221 2168 συστήματα
2241 2117 2363 2164 -.¹)

374 2189 490 2229 Hunc
520 2190 653 2243 ipsum
685 2188 816 2230 locum
847 2188 899 2229 ob
932 2188 1071 2229 oculos
1105 2188 1294 2230 habuisse
1327 2189 1484 2230 videtur
1513 2188 1662 2230 Marius
1694 2188 1923 2230 Victorinus
1953 2188 1992 2240 1,
2025 2187 2079 2230 15
2109 2201 2149 2243 p.
2175 2187 2232 2230 74
2248 2201 2309 2243 sq.
2324 2194 2364 2241 ²)

372 2263 621 2315 „carminum
653 2263 814 2317 species
846 2267 943 2304 sunt
971 2267 1075 2304 tres:
1109 2264 1183 2304 alia
1215 2264 1320 2305 enim
1352 2276 1374 2304 a
1406 2263 1570 2305 Graecis
1602 2260 1711 2306 κατὰ
1744 2261 1902 2320 στίχον,
1938 2263 2012 2305 alia
2045 2260 2359 2319 συστηματικά,

373 2341 446 2379 alia
476 2337 610 2393 μικτὰ
641 2340 851 2389 dicuntur,
893 2352 997 2392 quae
1038 2341 1157 2380 etiam
1198 2337 1453 2394 ἀμετάβολα
1492 2346 1533 2382 et
1570 2337 1851 2394 μεταβολικά.
1915 2340 2042 2393 Igitur
2080 2336 2190 2382 κατὰ
2221 2337 2364 2396 στίχον

373 2420 491 2465 sunt,
533 2428 637 2467 quae
667 2415 812 2455 eodem
843 2419 972 2455 metro
1004 2420 1211 2466 constant,
1253 2421 1299 2456 ut
1329 2421 1498 2457 metrum
1530 2416 1686 2469 epicum
1715 2416 1878 2456 Homeri
1910 2419 2002 2456 μέ(
2028 2435 2032 2439 ·
2063 2414 2143 2458 Sed
2173 2415 2362 2458 continuo

373 2489 481 2529 addit
511 2503 550 2543 p.
582 2488 638 2529 75
669 2488 869 2540 „Mixta
900 2493 1094 2541 autem,
1126 2503 1257 2544 quae
1287 2490 1468 2543 partim
1499 2494 1616 2532 sunt
1652 2486 1789 2533 κατὰ
1822 2487 2037 2547 στίχον,
2077 2490 2267 2544 partim
2303 2502 2363 2533 ex

372 2565 618 2605 trimetro
664 2569 716 2605 et
760 2569 1082 2606 tetrametro
1131 2566 1332 2606 mixta.“
1405 2565 1522 2607 Adeo
1571 2565 1804 2607 Victorinus
1850 2566 2018 2607 trimetri
2062 2566 2363 2619 tetrametrique

372 2640 705 2691 compositionem
723 2652 806 2680 non
823 2635 932 2680 κατὰ
945 2637 1089 2694 στίχον
1100 2640 1413 2693 utHephaestiO,
1439 2640 1513 2682 sed
1541 2636 1651 2682 κατὰ
1669 2636 1878 2694 σύστημα
1886 2639 2029 2682 factam
2039 2652 2133 2683 esse
2143 2639 2362 2682 confirmat.

512 2836 545 2879 ¹)
583 2836 727 2872 Latinae
753 2837 964 2875 comoediae
990 2839 1135 2874 imitatio
1162 2839 1307 2878 credere
1333 2849 1397 2875 nos
1417 2839 1546 2886 jubet,
1575 2839 1708 2877 simibes
1734 2839 1918 2880 Menandri¹
1946 2848 2071 2874 scenas
2103 2839 2229 2884 partim
2256 2839 2362 2879 etiarn

370 2899 463 2933 κατὰ
491 2897 659 2944 σύστημα
683 2903 831 2947 scriptas
856 2902 985 2945 fuisse,
1012 2904 1169 2948 quamvis
1195 2903 1228 2937 id
1255 2909 1361 2950 neget
1385 2904 1613 2949 Hephaestio.

511 2965 544 3007 ²)
582 2966 682 2999 Hunc
721 2976 801 3000 cum
837 2966 1099 3011 Hephaestione
1137 2974 1403 3012 compararunt,
1447 2968 1609 3001 Terentio
1643 2974 1759 3001 tamen
1796 2967 1990 3012 Plautoque
2025 2973 2157 3004 temere
2190 2965 2361 3011 neglectis

370 3027 576 3063 Gaissordus
602 3030 645 3063 ad
671 3030 860 3075 Hephaest.
887 3041 921 3074 p.
949 3030 1015 3064 359
1043 3038 1078 3065 et
1103 3032 1298 3066 Meinekius
1322 3033 1407 3066 Hist.
1435 3031 1603 3066 Comoed.
1630 3043 1662 3076 p.
1689 3032 1769 3067 442.
