2794 3315
396 241 539 286 vitavit
562 246 906 301 tenacemque·
932 242 1100 301 scripsit
1126 242 1442 290 innomine

394 318 512 373 cujus
540 318 765 362 tetrametri
791 318 884 362 sine
911 319 1195 387 controversis
1221 310 1348 364 multo
1516 316 1534 318 ”

393 396 479 437 tum
507 382 628 438 etiam
656 393 929 452 synaloephas
958 393 1124 439 ninnium
1151 393 1316 440 crebras
1345 384 1502 452 atqua

392 468 473 513 tius
502 468 545 514 in
573 469 851 515 vicissitudine
877 481 963 514 non
989 469 1112 515 unius
1140 470 1306 530 generis
1344 455 1687 518 teu-masna
1948 466 1955 471 Α
1983 465 2001 480 ’“

390 544 599 588 Menandri
627 546 878 603 exemplum,
906 550 954 590 ut
979 545 1084 604 infra
1113 547 1348 601 ostendam,
1380 545 1526 603 partim
1554 553 1603 592 sc
1630 540 1920 605 conpofflt,
1939 538 2189 606 ips*
2345 561 2407 611 „2ss
2441 563 2446 590 ρ

390 632 481 664 rum
509 621 719 666 difficultas
748 621 936 665 fortassis
965 620 1071 666 banc
1097 623 1178 667 vim
1208 622 1357 676 habuit,
1386 626 1434 666 ut
1461 634 1583 679 quom
1611 622 1729 679 sequi
1752 615 1919 681 soleret,
1947 616 2390 685 &eqd-&W

390 709 439 739 ac
467 697 702 740 necessario
732 698 862 754 magis
891 698 1051 741 variare
1079 702 1206 742 metra
1235 697 1417 747 auderet.
1796 700 1798 702 ’
1876 704 1882 709 ’
2417 695 2419 697 ’
2448 756 2450 759 ¹
2516 688 2519 691 ⁴

527 771 635 827 Res,
676 771 726 816 de
757 784 837 828 qua
874 772 1055 817 dicturus
1095 785 1209 826 sum,
1253 772 1399 830 partim
1435 772 1555 816 etiam
1594 772 1644 816 ad
1679 772 1863 818 Plautum
1899 774 2095 831 pertinet,
2138 774 2235 818 scd
2248 774 2375 826 utho

388 848 518 905 magis
547 848 599 892 ad
629 847 885 903 Terentium,
924 849 1033 906 apud
1062 861 1183 906 quem
1211 853 1339 906 'saepe
1367 849 1410 893 in
1438 860 1519 894 una
1547 848 1778 906 eademque
1809 860 1934 896 soem
1968 849 2135 908 iugem
2149 845 2374 900 nam

388 923 564 967 varietas
582 911 800 980 reperitur'.
858 925 1037 969 Possunt
1065 925 1219 981 utique,
1249 929 1295 969 ut
1323 925 1387 980 tit,
1417 925 1586 971 trimetri
1614 928 1874 969 tekametros
1901 937 2095 983 excipere
2121 930 2211 972 aut
2206 929 2373 988 contra,

387 998 465 1049 hoc
493 1004 559 1043 est
586 1000 825 1057 tranquillus
854 1012 992 1044 sermo
1018 1000 1226 1045 incitatum
1233 1014 1247 1054 ;
1286 1004 1463 1058 possunt
1490 1000 1666 1057 denique
1694 1000 1777 1045 duo
1803 999 1926 1046 unius
1954 1001 2119 1059 generis
2148 1003 2373 1052 temoni

386 1076 608 1130 septenarii
644 1076 921 1131 octonariique
948 1077 1154 1133 conjungi.
1213 1077 1271 1119 At
1305 1088 1602 1133 saepenumero
1638 1077 1705 1120 vel
1742 1077 1785 1120 in
1821 1077 1952 1133 ipsius
1980 1077 2152 1133 BentleJi
2180 1077 2372 1127 Terentio
2392 1091 2405 1105 “

385 1137 577 1193 contrarii
605 1152 770 1208 generis
800 1155 1059 1195 tetrametros
1088 1152 1129 1195 id
1158 1156 1223 1194 est
1250 1152 1443 1195 iambicos
1473 1155 1515 1195 et
1542 1151 1771 1195 trochaicos
1801 1164 1936 1208 neque
1965 1164 2057 1196 cum
2083 1151 2192 1195 bona
2212 1152 2372 1197 ratione

385 1230 426 1268 et
455 1227 546 1269 sine
590 1226 671 1269 uflo
712 1227 855 1270 ordine
884 1239 933 1269 ac
961 1227 1083 1269 modo
1123 1228 1348 1270 consociari
1386 1224 1538 1270 videas.
1596 1226 1685 1270 Nec
1722 1239 1817 1270 raro
1852 1228 1894 1269 in
1930 1231 2053 1270 tanta‘
2077 1231 2121 1269 et
2154 1226 2371 1282 prosodiae

383 1301 642 1358 ambiguitate
671 1306 715 1344 et
743 1302 960 1345 lectionum
989 1302 1106 1357 copia
1134 1302 1358 1354 dubitatur,
1387 1306 1522 1344 utrum
1551 1306 1786 1344 tetrameter
1808 1303 2000 1345 iambicus
2029 1302 2173 1355 fuerit,
2202 1313 2255 1344 an
2273 1306 2368 1345 tro-

383 1377 570 1420 chaicus:
616 1378 762 1432 quibus
794 1378 845 1420 de
875 1378 1000 1421 rebus
1031 1378 1125 1432 quid
1154 1378 1409 1421 sentiendum
1437 1377 1512 1430 sit,
1556 1377 1736 1433 inprimis
1767 1389 1913 1434 magna
1953 1377 2138 1434 quaestio
2154 1381 2244 1421 est.
2303 1376 2370 1420 Ac

381 1452 587 1509 Bentlejus
618 1453 780 1509 quidem
810 1453 920 1509 quod
949 1464 1074 1509 saepe
1103 1453 1310 1496 contendit
1338 1452 1444 1495 haud
1473 1452 1724 1509 improbante
1753 1452 1984 1495 Hermanno
2012 1453 2054 1494 in
2082 1452 2207 1495 Elem.
2230 1452 2288 1494 1).
2314 1451 2366 1494 Μ.

381 1542 420 1584 p.
454 1527 557 1582 169,
602 1529 821 1572 octonariis
859 1529 1073 1576 trochaicis
1110 1542 1274 1584 semper
1312 1529 1537 1582 trochaica,
1584 1529 1825 1584 septenariis
1865 1514 1999 1572 autem
2037 1528 2204 1571 iambica
2239 1532 2366 1572 metra

380 1605 626 1658 succedere,
656 1617 707 1647 eo
738 1605 788 1647 ad
817 1617 1013 1647 summam
1042 1606 1101 1647 rei
1130 1618 1261 1661 paene
1291 1605 1387 1647 nihil
1416 1604 1640 1660 profectum
1670 1609 1745 1649 est.
1791 1604 1892 1648 Nam
1923 1604 1974 1647 de
2001 1616 2053 1647 eo
2072 1604 2209 1660 potius
2239 1603 2362 1648 dubi-

380 1675 509 1733 tatm,
539 1681 751 1735 possintne
781 1681 946 1724 omnino
983 1681 1174 1724 trochaici
1212 1693 1301 1723 cum
1339 1680 1516 1723 iambicis
1553 1680 1796 1723 tetrametris
1833 1680 1876 1722 in
1916 1678 2057 1722 eadem
2093 1690 2217 1722 scena
2233 1728 2240 1742 ι
2255 1690 2362 1722 con-

375 1755 495 1812 jungi
523 1760 565 1798 et
594 1767 767 1811 quanam
795 1756 966 1798 ratione.
1025 1755 1152 1810 Atqui
1181 1755 1231 1798 de
1261 1755 1323 1797 his
1360 1756 1483 1798 rebus
1513 1755 1719 1811 Bentlejus
1758 1756 1800 1797 in
1829 1754 2064 1797 umversum
2102 1754 2199 1796 nihil
2234 1765 2362 1810 prae-

378 1831 509 1885 cepit,
553 1831 594 1871 in
638 1831 809 1887 singulis
846 1835 982 1873 autem
1022 1832 1156 1873 scenis
1202 1844 1276 1886 pro
1322 1832 1489 1886 imperio
1531 1832 1635 1887 egit,
1680 1835 1725 1873 ut
1767 1832 1809 1872 in
1856 1830 1922 1872 tali
1961 1829 2126 1872 arbitrio
2171 1833 2364 1885 tantaque

378 1906 645 1948 inconstantia
675 1910 787 1948 certo
818 1907 987 1949 consilio
1018 1907 1087 1947 vix
1126 1907 1240 1948 locus
1278 1919 1373 1948 esse
1411 1907 1599 1962 potuerit.
1659 1906 1874 1960 Nunquam
1911 1905 2085 1948 animum
2120 1904 2282 1957 induxi,
2318 1908 2364 1947 ut

375 1979 600 2037 Bentlejum
631 1986 958 2025 tetrametrorum
995 1983 1337 2037 perturbationem
1376 1987 1445 2025 aut
1482 1995 1564 2024 non
1594 1983 1859 2038 perspexisse
1899 1981 2129 2033 crederem,
2173 1984 2244 2024 aut
2278 1992 2363 2024 non

375 2057 629 2112 improbasse
658 2062 936 2113 perspectam:
968 2058 1041 2099 sed
1072 2059 1230 2099 videtur
1260 2059 1352 2098 mihi
1379 2059 1420 2098 in
1440 2059 1630 2099 Terentio
1661 2059 1723 2098 vir
1752 2062 1835 2099 tum
1867 2069 2031 2110 quoque
2055 2068 2226 2111 magnus
2255 2055 2361 2097 viam

374 2136 529 2174 tantum
559 2133 716 2174 munire
746 2133 926 2174 voluisse
957 2138 998 2174 et
1032 2134 1222 2175 inchoare
1253 2135 1381 2188 magis
1414 2134 1563 2185 omnia,
1603 2146 1720 2187 quam
1761 2133 1977 2187 quidquam
2015 2130 2224 2186 perlicere.
2284 2129 2362 2180 Qui

373 2208 450 2248 etsi
480 2209 522 2249 in
552 2208 744 2263 prosodia
773 2220 1049 2263 versuumque
1090 2209 1267 2251 numeris
1307 2209 1472 2250 multum
1511 2209 1610 2250 vidit
1645 2213 1839 2262 tantoque
1870 2207 1916 2250 G.
1947 2207 2145 2249 Faernum
2184 2209 2279 2261 post
2313 2217 2361 2248 se

373 2278 585 2324 interrallo
623 2283 806 2337 reliquit,
845 2288 997 2337 quanto
1034 2285 1124 2338 ipse
1161 2296 1269 2326 nunc
1309 2284 1359 2325 ab
1396 2284 1626 2325 Hermanno
1665 2284 1824 2324 videtur
1861 2282 2027 2324 relictus
2064 2294 2182 2324 esse:
2226 2284 2361 2323 tamen

372 2370 506 2413 neque
536 2358 719 2401 Plautum
749 2359 848 2400 satis
888 2359 955 2401 diu
994 2360 1366 2415 pervestigaverat,
1413 2363 1453 2401 et
1484 2359 1647 2401 Terenti
1686 2358 1903 2401 editionem
1948 2355 2283 2409 (munusculum,
2315 2359 2361 2399 ut

345 2433 411 2474 ·in
441 2433 690 2489 praefatione
720 2439 902 2477 extrema
932 2435 1020 2489 ipse
1050 2435 1242 2489 appellat,
1285 2435 1405 2476 celeri
1436 2448 1560 2490 opera
1590 2436 1922 2490 deproperatum)
1968 2433 2163 2475 festinare
2192 2435 2359 2475 coactus

371 2512 448 2551 est.
506 2509 595 2550 Jam
626 2521 727 2551 vero
759 2509 1038 2561 Hermannus,
1071 2510 1138 2563 qui
1169 2510 1320 2564 primus
1352 2523 1399 2550 ac
1429 2510 1542 2551 solus
1563 2515 1601 2561 ¹)
1643 2510 1751 2551 hunc
1789 2510 1922 2550 locum
1951 2512 2126 2550 tractare
2156 2507 2291 2562 coepit
2316 2506 2360 2547 in

367 2583 491 2626 Elem.
522 2584 571 2627 D.
602 2583 653 2626 M.
685 2598 725 2640 p.
760 2565 985 2627 1'62—191
1018 2598 1214 2641 suamque
1244 2586 1522 2628 auctoritatem
1551 2585 1815 2641 interposuit,
1860 2584 2030 2640 primum
2069 2586 2182 2625 recte
2205 2581 2360 2639 judicat

368 2663 520 2702 tantum
551 2660 720 2713 abesse,
750 2665 797 2703 ut
826 2661 959 2703 omnia
989 2661 1282 2703 trochaicorum
1313 2666 1434 2717 atque
1459 2662 1718 2703 iambicorum
1740 2673 1933 2703 versuum
1950 2671 2103 2715 genera
2122 2658 2359 2714 permisceri

505 2869 539 2912 ¹)
586 2870 669 2905 Post
694 2870 929 2906 llermannum
964 2873 1025 2915 qui
1050 2871 1197 2905 eandem
1223 2883 1296 2905 rem
1322 2873 1495 2916 attigerit,
1528 2872 1603 2905 scio
1629 2872 1821 2913 neminem3
1857 2880 2000 2915 sperare
2040 2874 2156 2904 tamen
2181 2867 2266 2903 licet
2289 2864 2358 2902 sli-

365 2932 505 2978 quando
532 2933 566 2967 id
591 2933 763 2967 facturum
789 2944 868 2968 esse
893 2936 1132 2969 acutissimum
1157 2936 1268 2969 virum
1291 2934 1329 2969 F.
1355 2934 1594 2977 Ritschelium‚
1619 2936 1650 2969 si
1674 2940 1770 2969 recte
1795 2935 2016 2978 interpretor,
2042 2942 2133 2978 quae
2158 2931 2298 2976 scripsit
2321 2931 2357 2965 in

363 2996 526 3043 Paret-gis
551 2996 721 3032 Plautinis
746 3009 779 3043 p.
806 2996 886 3034 603.
937 2996 1099 3034 Ceterum
1123 2997 1257 3042 Plauti,
1285 2998 1377 3045 quod
1405 3010 1495 3034 nunc
1521 3000 1632 3042 ipsum
1659 2997 1811 3034 edidisse
1837 2997 1964 3033 dicitur
1987 2995 2218 3039 Ritschelius,
2242 2993 2355 3030 Volu-

362 3071 441 3096 men
467 3060 481 3096 Ι
506 3060 659 3096 nondum
684 3061 768 3097 vidi.
