2794 3315
278 578 279 581 ’
342 554 392 614 s.
388 577 751 656 nim
746 597 855 648 ⁵1¹¹*
864 568 1070 639 ,ὼ
1080 558 1220 647 quam
1235 601 1312 647 pre
1340 591 1574 645 systematis
1613 595 1683 635 aut
1710 594 1825 634 certe
1861 594 2128 647 systematum
2166 591 2393 634 Simuhfl'ss

402 666 703 724 m
727 665 847 714 Aaou
868 677 1018 717 omnes
1029 660 1203 712 Terenti
1230 669 1511 720 tetrametros,
1540 666 1608 722 qui
1637 677 1784 710 versus
1812 670 1913 709 meri
1941 678 2039 710 esse
2065 666 2324 723 putabantur,
2351 667 2393 708 in

405 738 653 799 ''lm-
664 742 870 799 Μ
888 741 1112 796 omnm,
1139 741 1183 785 id
1208 745 1275 784 est
1301 752 1444 784 errore
1472 741 1632 784 sublato
1661 753 1811 784 novum
1839 743 1929 797 ipse
1959 752 2142 784 errorem
2172 742 2392 784 substituit.

400 817 539 865 Nam-»22
535 816 656 862 uliae
690 821 1014 863 tetrametmmn
1056 824 1207 861 scenae
1243 829 1467 874 earumque
1503 822 1642 873 partes
1678 817 1864 860 versibus
1903 818 2024 860 meris
2065 817 2243 874 scriptae
2280 822 2391 871 sunt,

413 889 605 941 «ti-ssd,
621 898 888 949 systeumtm
915 893 1213 938 similitudinem
1239 892 1511 949 compositae,
1540 897 1587 935 ut
1613 892 1713 935 vidit
1736 893 1856 935 etiam
1872 893 2114 937 Ritschelius
2144 895 2186 936 in
2202 894 2391 950 Parergis

394 967 592 1027 ‘pafifflz
622 969 910 1023 „Cetei-um,
938 969 1087 1025 inquit,
1116 968 1178 1013 de
1205 969 1384 1012 metris
1416 969 1729 1011 continuatis
1760 969 1967 1024 loquor,
1997 982 2094 1012 non
2124 970 2181 1012 de
2211 971 2392 1013 scenis

414 1031 712 1102 promiscua
750 1046 821 1097 (⁴?)
858 1049 1136 1088 metrorum
1166 1045 1428 1099 varietate
1455 1044 1656 1086 factis.“
1715 1044 1819 1093 Quin
1848 1045 1967 1087 etiam
2005 1045 2097 1100 ipse
2136 1046 2391 1088 Hennannus

394 1123 454 1176 p.
487 1118 572 1163 170
600 1124 643 1162 et
670 1132 710 1176 p.
743 1117 829 1162 19⁰
853 1119 1064 1172 concedit,
1109 1131 1278 1176 perraro
1322 1118 1461 1175 plures
1490 1130 1637 1161 versus
1672 1118 1779 1161 inter
1817 1131 1864 1162 se
1899 1132 1975 1174 per
2015 1117 2255 1176 Μάφειων
2283 1132 2392 1163 con-

408 1195 575 1251 jtmctos
602 1206 726 1238 esset
746 1198 792 1238 ut
819 1193 924 1237 idem
953 1199 1116 1251 praeter
1133 1198 1356 1250 systemata
1376 1195 1495 1237 etiam
1515 1206 1661 1238 versus
1681 1194 1972 1250 quodammodo
1997 1207 2225 1251 agnoscere
2245 1196 2392 1238 videa-

413 1274 494 1313 tur.
552 1269 634 1313 Sed
663 1282 786 1325 quum
815 1269 1071 1313 Hermannus
1100 1270 1153 1313 de
1182 1270 1369 1313 versibus
1405 1273 1538 1312 taceat
1575 1274 1618 1312 et
1656 1270 1726 1311 vix
1755 1282 1926 1324 usquam
1962 1270 2041 1312 nisi
2080 1270 2131 1312 de
2161 1271 2394 1324 systematis

413 1343 619 1400 loquatur:
649 1348 867 1401 praecepta
895 1346 985 1401 ejus
1014 1348 1183 1402 apparet
1211 1345 1262 1388 ad
1289 1356 1363 1388 eos
1394 1347 1557 1388 tantum·
1575 1344 1689 1388 locos
1719 1343 1861 1387 referri
1890 1356 2031 1401 posse,
2062 1345 2130 1400 qui
2160 1345 2394 1401 systematis

415 1419 683 1465 continentur.
742 1420 890 1463 Docuit
927 1424 1060 1462 autem
1098 1421 1376 1474 Hermannus,
1421 1421 1558 1475 plures
1599 1432 1744 1462 versus
1782 1432 1950 1462 numero
1988 1421 2130 1462 eodem
2168 1421 2393 1463 consociari

416 1498 482 1550 (p.
515 1493 624 1549 163)
661 1499 928 1551 systematum
963 1508 1076 1539 more
1113 1500 1178 1553 (p.
1212 1494 1344 1550 169),
1392 1508 1473 1552 quo
1512 1495 1618 1539 facto
1658 1495 1723 1538 vel
1759 1508 1948 1539 numeros
1990 1496 2160 1539 duorum
2198 1508 2392 1539 versuum

414 1574 526 1615 arcte
554 1571 747 1627 conjungi
776 1571 843 1614 vel
871 1571 1045 1615 ultimam
1074 1584 1221 1615 versus
1251 1572 1444 1628 syllabam
1474 1571 1565 1615 elidi
1593 1583 1719 1628 posse
1750 1576 1813 1627 (p.
1833 1570 1961 1625 172);
1994 1572 2168 1627 denique
2194 1572 2392 1627 exemplis

415 1646 650 1701 quibusdam
679 1647 960 1691 continuorum
989 1659 1248 1691 numerorum
1279 1648 1523 1691 enumeratis
1562 1651 1627 1703 (p.
1661 1645 1743 1689 176
1771 1647 1882 1702 sq'q.)
1928 1647 1978 1689 de
2019 1647 2207 1690 clausulis
2247 1652 2392 1702 syste—

415 1725 562 1764 matum
597 1722 701 1764 duce
739 1723 881 1776 partim
919 1722 1100 1778 Bentlejo
1136 1724 1326 1778 exposuit
1370 1727 1435 1778 (p.
1468 1721 1552 1778 180
1581 1729 1707 1778 sqq.).
1775 1723 1886 1772 Quae
1925 1736 2047 1777 quum
2093 1735 2190 1764 vera
2229 1724 2310 1764 sint
2352 1727 2393 1764 et

399 1796 526 1840 utilia
554 1797 744 1853 cognitu,
772 1802 856 1841 tum
887 1798 937 1841 ad
965 1810 1053 1841 eam
1083 1810 1190 1852 rem,
1221 1811 1339 1854 quam
1369 1810 1478 1841 nunc
1508 1779 1687 1855 agimus,
1719 1797 1978 1840 vehementer
2008 1798 2222 1853 pertinent.
2285 1798 2392 1841 Sae-

415 1871 505 1927 pius
544 1872 650 1915 enim
679 1872 882 1928 Bentlejus
922 1873 1112 1916 iambicos
1152 1877 1410 1917 tetrametros
1447 1878 1567 1928 atque
1604 1873 1829 1916 trochaicos
1869 1873 1971 1914 male
2009 1874 2263 1928 permiscuit,
2304 1874 2393 1915 sive

415 1947 523 2002 quod
554 1947 731 1991 clausula
761 1961 784 1990 a
814 1948 982 1991 librariis
1013 1948 1245 1993 abscondita
1275 1949 1408 2004 ipsum
1438 1961 1599 2004 quoque
1629 1948 1825 2000 latuisset,
1856 1948 1944 1991 sive
1971 1948 2079 2003 quod
2104 1960 2186 1991 non
2208 1948 2391 1991 animad-

416 2022 626 2075 vertisset,
657 2024 827 2066 duorum
856 2036 1048 2066 versuum
1078 2037 1269 2067 numeros
1301 2029 1412 2068 arcto
1443 2025 1602 2067 vinculo
1633 2024 1865 2066 cohaerere.
1927 2023 2195 2072 Quamobrem
2225 2029 2269 2066 ut
2298 2024 2392 2066 illud

415 2097 668 2141 Hei-mannus
698 2098 904 2154 praeclare
944 2099 1064 2149 vidit,
1105 2099 1327 2156 Bentlejum
1366 2100 1608 2143 tetrametris
1639 2099 1835 2154 utrisque,
1875 2111 1977 2154 quos
2024 2098 2103 2141 dixi
2143 2098 2391 2142 conturbatis

416 2172 872 2228 multifariam'errasse,
902 2174 1011 2229 quod
1040 2175 1156 2217 nimis
1187 2179 1407 2230 systemata
1437 2174 1705 2232 neglexisset:
1750 2174 1806 2217 ita
1843 2175 1931 2230 ipse
1969 2174 2154 2217 versibus
2185 2186 2283 2229 prae
2313 2186 2391 2228 sy-

418 2252 587 2291 stemate
616 2249 829 2291 contemtis
859 2262 995 2292 veram
1026 2250 1167 2293 harum
1197 2263 1411 2294 scenarum
1439 2252 1633 2293 rationem
1663 2251 1839 2293 nondum
1870 2251 1988 2305 plane
2019 2250 2232 2305 indagavit.
2275 2249 2391 2291 Nunc

417 2335 506 2366 mea
534 2323 663 2379 ipsius
693 2324 893 2367 sententia
922 2337 1005 2367 non
1034 2325 1198 2381 longam
1228 2326 1449 2368 orationem
1480 2325 1699 2368 desiderat:
1732 2325 1826 2380 quid
1856 2325 2031 2377 fecerim,
2063 2325 2257 2366 indicabo.
2294 2324 2392 2380 Legi

419 2398 650 2443 Terentium
679 2400 900 2443 secundum
930 2401 1075 2443 Faerni
1106 2402 1341 2454 editionem,
1359 2403 1514 2444 siterum
1544 2402 1769 2456 iterumque
1801 2406 1928 2443 totum
1958 2401 2123 2456 perlegi.
2168 2400 2256 2449 Quo
2287 2400 2392 2442 facto

419 2474 528 2528 quod
557 2486 610 2517 ex
639 2474 767 2529 ipsius
798 2476 857 2517 rei
888 2480 1028 2519 natura
1059 2475 1148 2519 fore
1166 2478 1393 2531 suspicatus
1418 2490 1547 2528 eram,
1579 2476 1616 2517 id
1638 2478 1770 2531 ipsum
1791 2477 2026 2531 plerumque
2043 2475 2189 2518 factum
2210 2474 2391 2517 animad-

419 2548 547 2603 verti,
574 2550 763 2596 contrarii
790 2551 957 2607 generis
988 2547 1267 2605 tetr'ametros,
1298 2564 1381 2594 non
1409 2555 1454 2594 ut
1483 2551 1597 2593 nimis
1630 2564 1754 2607 saepe
1773 2551 1953 2607 Bentlejo
1973 2550 2131 2607 placuit,
2162 2550 2260 2592 mire
2285 2561 2391 2592 con-

419 2624 533 2669 fusos
564 2638 682 2679 esse,
723 2627 799 2669 sed
836 2628 976 2670 ordine
1011 2641 1060 2670 ac
1094 2629 1250 2671 ratione
1280 2630 1518 2683 conjunctos
1558 2632 1679 2682 atque
1720 2641 1801 2670 uno
1843 2628 1953 2670 velut
1989 2632 2130 2669 tenore
2169 2638 2391 2669 connexos.

420 2700 520 2742 Nam
551 2712 631 2744 una
661 2713 784 2744 scena
813 2702 974 2759 longior
1003 2715 1127 2759 saepe
1156 2704 1282 2746 tribus
1314 2703 1492 2759 partibus
1524 2707 1703 2755 constat,
1735 2703 1848 2745 verbi
1879 2715 1998 2745 causa
2030 2702 2198 2756 primum
2216 2701 2391 2743 iambicis

420 2775 686 2829 tetrametris,
716 2777 860 2821 deinde
890 2779 1132 2821 tetrametris
1163 2778 1398 2831 trochaicis,
1429 2782 1635 2833 postremo
1657 2778 1846 2820 trimetris
1869 2777 2124 2833 vulgaribus,
2156 2777 2231 2819 hoc
2260 2781 2392 2818 tamen

421 2849 562 2893 ordine
591 2856 779 2905 servato,
823 2857 868 2895 ut
896 2853 932 2894 si
961 2866 1037 2908 pro
1075 2867 1155 2896 una
1194 2857 1278 2896 tres
1318 2866 1466 2896 scenae
1506 2853 1636 2896 factae
1673 2857 1835 2906 essent,
1878 2853 2037 2896 unicum
2073 2852 2114 2894 in
2152 2863 2393 2906 unaquaque

421 2925 539 2968 metri
567 2938 699 2985 genus
729 2931 921 2971 exstaret.
980 2928 1097 2971 Adeo
1128 2929 1287 2985 singula
1316 2933 1443 2971 metra
1481 2930 1522 2971 in
1561 2929 1704 2971 talibus
1746 2929 1878 2971 scenis
1917 2939 1999 2970 non
2038 2927 2261 2981 interrupta
2299 2937 2393 2967 esse

424 3000 607 3055 arbitror,
638 3001 712 3045 sed
739 3002 875 3059 potius
906 3004 1147 3048 continuata.
1207 3003 1312 3054 Quin
1342 3005 1458 3048 etiam
1488 3005 1591 3048 idem
1623 3005 1671 3048 ab
1702 3017 1776 3058 eo,
1807 3017 1925 3059 quem
1955 3004 1995 3045 in
2026 3002 2103 3046 hoc
2134 3014 2285 3059 genere
2312 3001 2394 3044 Te-
