2794 3315
740 573 1134 659 'oewnmdhn
1150 569 1353 639 δίωκε
1394 591 1751 651 μεταβολικά
1780 599 1973 649 autem,
2013 606 2147 651 quae
2184 594 2242 638 ab
2272 594 2391 636 aliis

385 654 630 730 §firia-
640 668 702 712 ald
738 668 845 737 aleia
874 679 1089 733 genera
1115 669 1393 712 transitum
1428 668 1655 722 faciunt,
1700 670 1878 725 qualia
1921 681 2045 712 esse
2089 670 2302 726 tragica
2341 673 2394 712 et

362 738 609 793 &med
627 744 785 801 paulo
814 747 937 788 ante
963 744 1279 789 memoravi.
1313 744 1437 788 Nam
1463 749 1519 787 et
1547 744 1831 788 Menander
1859 746 1910 787 in
1939 746 2233 789 comoediis
2273 745 2391 788 sre-

402 815 1055 880 quentessrafcoutinuatis
1077 819 1334 864 iambicis
1366 820 1610 863 versibus
1649 821 1710 863 ad
1748 821 2056 863 trochaicus
2102 821 2302 863 transit
2341 824 2394 862 et

313 885 345 961 ι’
403 886 712 957 ἱιᾞῑξουπίῖίἆ
729 885 985 938 iambicos
1014 894 1200 938 redit.“
1240 894 1359 938 Adde
1378 895 1551 938 eundem
1572 893 1706 950 p.66:
1736 895 1978 951 „Tragicum
1996 899 2129 938 autem
2161 899 2392 947 (carmen),

413 968 742 1026 qmduimebo
786 964 918 1026 magis
956 982 1082 1013 versu
1117 971 1394 1026 componitur,
1439 983 1521 1026 qno
1566 970 1630 1013 usi
1672 975 1768 1013 sunt
1812 970 2055 1026 Sophocles,
2080 975 2122 1013 et
2164 971 2390 1026 Euripides.

414 1044 667 1089 conicum
696 1045 1000 1089 vero-‘varia
1028 1057 1270 1088 versuum
1299 1049 1352 1088 et
1379 1045 1837 1104 modulorumlege
1856 1046 2202 1101 compositum
2230 1058 2389 1100 repe-

396 1119 579 1173 *ritun
617 1119 1100 1175 sicut‘pierumque
1139 1105 1279 1176 apud
1309 1119 1662 1173 Menandrum,
1707 1121 1799 1163 sed
1843 1125 1896 1162 et
1938 1121 2098 1172 alios,
2141 1132 2390 1176 cognos-

399 1194 624 1244 ,eimns.·‘
639 1224 642 1228 -
656 1192 904 1250 nunquam
926 1193 1158 1239 Victorinus
1187 1195 1347 1238 sibimet
1374 1196 1465 1250 ipse
1493 1200 1696 1252 repugnat
1725 1196 1775 1238 de
1804 1197 1983 1252 tragicis,
2013 1209 2185 1251 quorum
2214 1196 2392 1236 carmina

414 1269 459 1316 hi.
483 1257 520 1313 l]
538 1269 643 1314 faciit>
662 1266 929 1327 ἀμετάβολα,
962 1275 1104 1314 contra
1133 1283 1172 1326 p.
1188 1270 1246 1314 75
1275 1270 1415 1314 eadem
1443 1268 1723 1328 μεταβολικά.
1761 1271 1945 1326 Apparet
1961 1271 2096 1327 igitur,
2127 1271 2176 1312 ab
2194 1270 2390 1324 Hephae-

414 1345 548 1389 stione
572 1345 854 1389 et2Vietorino
882 1345 986 1388 illam
1015 1346 1144 1401 ipsam
1173 1350 1394 1389 metrorum
1423 1346 1655 1389 varietatem
1668 1378 1681 1399 ‚
1726 1358 1805 1401 qua
1835 1346 2047 1388 Terentius
2077 1346 2135 1388 uti
2166 1345 2392 1397 consuevit,

412 1420 477 1466 ad:
493 1419 760 1476 Menandrum·
781 1425 1004 1464 auctorem
1018 1421 1190 1463 relatam
1213 1431 1321 1462 esse.
1379 1421 1441 1463 De
1469 1421 1548 1463 hoc
1562 1433 1661 1463 nno
1697 1421 1877 1464 dubitare
1916 1422 2030 1473 licet,
2071 1433 2123 1461 an
2161 1421 2200 1461 hi
2237 1419 2392 1461 metrici

401 1494 636 1539 ‚Hanandro
665 1499 829 1550 praeter
856 1496 1083 1538 trochaicus
1113 1496 1231 1538 etiam
1270 1497 1461 1538 iambicos
1499 1500 1756 1538 tetrametros
1802 1497 1951 1538 diserte
1988 1496 2224 1550 tribuerint,
2270 1507 2392 1551 quum

415 1571 724 1636 ambosnofflna
750 1568 1101 1628 τετράμετρα
1130 1577 1172 1613 et
1203 1572 1417 1613 iambici
1453 1584 1639 1614 versus
1679 1573 1721 1613 in
1750 1573 2006 1628 ambiguitate
2048 1575 2276 1613 versentur.
2335 1571 2392 1611 At

416 1651 526 1688 certe
555 1646 617 1687 his
648 1647 878 1688 auctoribus
907 1648 1091 1688 senarios
1126 1651 1172 1687 et
1199 1647 1428 1688 trochaicos
1464 1651 1721 1689 tetrametros
1750 1638 1968 1690 Menander
2006 1647 2047 1688 in
2087 1647 2227 1690 eadem
2268 1657 2392 1689 scena

416 1723 636 1777 conjunxit.
682 1722 967 1778 ,Conjunxisse
997 1724 1102 1765 enim
1130 1723 1391 1765 Menandrum
1422 1732 1473 1766 ea
1498 1724 1588 1779 ipsa
1616 1724 1795 1776 ratione,
1826 1736 1944 1778 quam
1974 1735 2099 1778 supra
2128 1723 2211 1765 dixi
2240 1723 2281 1763 in
2303 1722 2389 1764 Te-

414 1798 548 1839 rentio
575 1797 812 1852 plerumque
840 1799 1128 1840 restituendam
1158 1811 1275 1851 esse,
1315 1811 1398 1841 non
1435 1803 1481 1841 ut
1503 1811 1634 1853 saepe
1663 1800 1704 1839 in
1731 1798 1899 1853 Bentleji
1923 1799 2104 1840 editione
2134 1798 2282 1839 factum
2313 1802 2388 1850 est,

413 1872 701 1927 permiscuisse
727 1873 828 1915 haec
858 1878 985 1915 metra
1015 1878 1056 1915 et
1085 1873 1317 1928 confud'sse
1347 1875 1566 1916 clarissime
1596 1875 1715 1916 docet
1744 1874 1972 1915 Victorinus
2003 1886 2041 1928 p.
2074 1872 2153 1926 75,
2196 1873 2263 1927 qui
2293 1872 2387 1914 Me-

414 1946 610 1991 nandrum
639 1952 813 1991 testetur
842 1961 865 1991 a
895 1950 1214 1992 continuatis
1245 1950 1423 1992 iambicis
1464 1950 1650 1992 versibus
1688 1949 1738 1991 ad
1774 1949 1999 1991 trochaicus
2040 1949 2309 1989 transisse
2348 1952 2389 1989 et

412 2023 655 2067 rursumad
684 2023 874 2086 iambicos
905 2024 1126 2067 redisse.
1173 2024 1291 2073 Quod
1320 2030 1452 2067 autem
1483 2026 1533 2066 ad
1562 2028 1815 2067 tetrametros
1839 2024 2029 2065 iambicos
2048 2025 2204 2075 attinet,
2236 2027 2388 2064 certum

412 2096 757 2152 indubitatumque
786 2097 914 2154 hujus
936 2111 1079 2141 versus
1110 2099 1339 2154 exemplum
1363 2100 1410 2141 -in
1447 2099 1680 2155 fragmentis
1710 2111 1841 2141 novae
1864 2098 2118 2163 §Graecorum
2158 2097 2388 2140 comoediae

414 2171 591 2215 nondum
615 2172 826 2217 inventum
849 2178 940 2228 vest,
970 2174 1042 2217 sed
1073 2175 1165 2217 olim
1194 2174 1379 2218 fortassis
1410 2175 1648 2218 invenietur.
1706 2174 1793 2217 Etsi
1824 2174 1912 2228 quis
1944 2174 2097 2226 nescit,
2141 2174 2262 2229 longe
2292 2173 2386 2227 ple-

413 2259 541 2303 raque
566 2249 821 2291 scenicorum
851 2254 1061 2309 poetarum
1089 2249 1314 2306 fragmenta
1342 2252 1531 2293 trimetris
1549 2249 1839 2304 comprehensa
1853 2262 1971 2301 esse,
2002 2253 2046 2291 ut
2067 2250 2230 2291 metrica
2249 2262 2389 2291 eorum

413 2321 620 2379 disciplina
649 2336 703 2368 ex
730 2324 817 2368 istis
846 2324 1024 2380 reliquiis
1053 2325 1220 2382 intelligi
1249 2331 1436 2381 nequeat.
1483 2326 1583 2369 Nam
1615 2341 1736 2380 quum
1765 2327 1854 2379 ipse
1877 2326 2104 2376 TerentiuS‚
2136 2326 2203 2378 qui
2233 2325 2388 2366 sterili—

414 2400 536 2442 tatem
564 2409 680 2443 suam
708 2398 842 2444 fassus
872 2400 913 2443 in
940 2401 1080 2444 iambis
1112 2405 1153 2445 et
1193 2401 1394 2445 trochaeis
1424 2401 1593 2445 haerere
1628 2402 1863 2453 consuevit,
1904 2402 2028 2443 semel
2065 2406 2198 2442 tamen
2237 2413 2387 2453 paucos

414 2481 560 2517 versus
591 2474 784 2529 creticos,
813 2475 1049 2520 bacchiacos
1081 2480 1122 2519 et
1151 2476 1438 2520 choriambicos
1470 2476 1701 2531 protulerit,
1739 2476 1902 2520 Plautus
1945 2481 2075 2519 autem
2116 2475 2256 2518 melior
2295 2488 2386 2517 me-

405 2552 566 2592 trorum
604 2549 748 2593 artifex
786 2553 869 2594 tum
906 2550 1007 2594 haec
1043 2564 1196 2607 genera
1234 2551 1497 2607 frequentarit
1532 2556 1615 2595 tum
1656 2552 1729 2594 alia
1766 2552 1878 2605 plura
1919 2551 2161 2594 excoluerit:
2207 2554 2387 2603 apparet,

414 2622 510 2677 quid
539 2624 589 2668 de
617 2624 837 2669 Melandra
867 2626 1120 2670 sentiendum
1150 2627 1225 2679 sit,
1255 2627 1323 2681 qui
1351 2627 1392 2669 in
1406 2631 1492 2669 arte
1524 2626 1686 2670 metrica
1708 2630 1820 2669 certe
1852 2640 1933 2669 non
1954 2626 2117 2668 inferior
2137 2625 2210 2667 suit
2234 2625 2386 2674 Plauto,

411 2696 506 2741 licet
535 2709 589 2743 ex
617 2698 821 2744 hodiernis
851 2699 1058 2744 Menandri
1088 2699 1322 2757 fragmentis
1352 2701 1447 2744 nihil
1475 2701 1554 2744 tale
1584 2705 1867 2756 cognoscatur.
1908 2701 2047 2754 ltaque
2075 2712 2158 2741 non
2188 2699 2389 2741 assentior

413 2770 633 2829 Heinekio,
682 2774 751 2831 qui
788 2775 830 2819 in
870 2775 969 2820 Hist.
1012 2775 1204 2821 Comoed.
1238 2790 1280 2832 p.
1315 2774 1398 2821 441
1430 2789 1519 2832 sqq.
1559 2790 1613 2819 ne
1654 2776 1892 2831 comparatis
1934 2775 2091 2830 quidem
2131 2775 2269 2817 Plauto
2321 2779 2390 2815 aut

414 2845 604 2892 Terentio
633 2861 765 2894 novae
806 2851 1038 2895 comoediae
1073 2856 1200 2895 metra
1237 2852 1357 2895 arctis
1385 2852 1702 2908 fragmentorum
1733 2851 1877 2894 finibus
1909 2850 2235 2893 circumscribere
2265 2861 2387 2891 ausus

411 2925 489 2965 est.
548 2923 666 2975 Quod
694 2930 828 2970 autem
856 2926 959 2970 idem
990 2926 1037 2969 V.
1069 2927 1117 2972 D.
1148 2927 1292 2971 ibidem
1322 2941 1360 2983 p.
1391 2925 1477 2970 442
1507 2941 1531 2970 e
1559 2926 1797 2983 fragmentis
1829 2927 2007 2982 conjicit,
2045 2937 2217 2981 graecos
2258 2937 2388 2966 novae

392 2999 646 3045 comoediae
689 3005 831 3058 poetas
861 3002 1038 3046 iambicis
1078 3003 1319 3047 teti-ametris
1360 3015 1562 3059 nunquam
1606 3015 1705 3046 usos
1745 3015 1859 3046 esse:
1912 3002 1950 3044 id
1990 3002 2071 3057 jam
2118 3001 2209 3044 olim
2255 3000 2334 3043 dixi
2349 3004 2386 3051 ¹)

552 3105 585 3148 ²)
622 3107 676 3142 De
701 3109 875 3144 nonodiis
901 3109 1099 3154 Euripideis
1123 3110 1138 3143 1
1162 3121 1195 3154 p.
1223 3110 1278 3143 51.
