2794 3315
317 726 338 738 ,v
419 692 428 699 ’·
443 646 861 738 ΒώᾸΗΕΒΜΕΝΙ
889 685 1064 725 mortem
1088 684 1253 726 tametsi
1289 683 1479 726 nondum
1494 683 1722 736 eluximus,
1765 694 1815 726 ac
1842 683 1908 727 diu
1938 684 2072 739 potius
2103 646 2211 728 hunc
2238 684 2413 728 Germa-

369 758 374 761 ’
443 759 561 805 niae
554 755 877 816 praeceptorem
906 758 1021 830 justo
1058 743 1273 803 desiderio
1292 750 1615 815 prosequemur.
1662 762 1811 803 tamen
1824 759 1890 802 tali
1919 760 2006 803 viro
2045 771 2127 804 aon
2164 759 2296 804 solum
2333 759 2411 816 piis

441 824 614 880 initiaris
643 844 786 878 verum
815 822 949 877 etiam
963 833 1102 878 labore
1129 833 1313 891 improbo
1333 833 1626 891 parentandum
1654 837 1731 878 est.
1788 833 1888 877 Nam
1913 845 1966 878 ne
1995 833 2088 879 licet
2117 834 2275 891 quidem
2300 834 2412 879 Her-

440 900 576 955 manni
605 909 735 954 vitam'
755 908 963 966 praeclare
992 913 1119 953 actam
1148 913 1283 954 mente
1312 908 1545 967 complecti,
1573 909 1669 965 quin
1696 909 1814 953 nobis
1843 910 2034 954 virtutum
2058 911 2146 967 ejus
2168 911 2209 953 in
2238 905 2415 955 mentem

366 1047 368 1049 Ι
441 978 597 1030 veniat:
626 985 678 1029 de
707 995 875 1042 quarum
905 965 1178 1043 magnitudine
1208 997 1289 1043 quo
1318 984 1466 1030 diutius
1496 985 1830 1044 cogitaverimuS,
1860 998 1911 1030 eo
1931 987 2084 1045 maJore
2103 988 2179 1030 n'os
2209 975 2414 1031 literarum

440 1055 579 1106 amore
613 1062 849 1107 inflammat-i
885 1063 1117 1105 sentiemus.
1183 1062 1265 1105 Sed
1306 1063 1413 1105 inter
1455 1074 1529 1107 eos
1574 1063 1818 1118 scriptores,
1872 1063 1921 1105 de
1968 1063 2113 1118 quibus
2157 1063 2412 1106 Hermannus

439 1138 609 1196 egregie
622 1148 624 1151 ’
637 1131 803 1181 meritus
833 1142 898 1180 est
926 1141 995 1180 aut
1023 1142 1134 1180 certe
1163 1138 1308 1181 mereri
1338 1142 1551 1194 coeperat,
1580 1137 1708 1181 fuisse
1737 1141 1895 1181 constat
1915 1138 2159 1182 Terentium.
2199 1137 2413 1193 Quumque

438 1217 552 1257 recte
580 1212 769 1267 vidisset,
799 1212 1115 1269 emendationem
1145 1212 1265 1270 huJus
1296 1217 1443 1270 poetae
1472 1214 1522 1257 ab
1551 1213 1749 1257 inviolatis
1778 1213 1935 1270 legibus
1969 1213 2067 1256 artis
2098 1213 2287 1257 metricae
2317 1213 2412 1269 ple-

438 1299 609 1344 rumque
638 1299 877 1344 suspensam
908 1300 1023 1330 esse:
1063 1301 1111 1331 ea
1140 1290 1180 1330 in
1209 1301 1256 1331 re
1286 1290 1345 1330 sic
1375 1293 1561 1331 versatus
1591 1293 1678 1341 est,
1714 1293 1760 1331 ut
1787 1289 2011 1341 trimetros,
2049 1301 2220 1343 quorum
2259 1288 2413 1330 facilior

438 1362 652 1418 explicatio
691 1368 778 1415 est,
817 1363 956 1417 paucis
996 1363 1232 1418 attingeret,
1275 1364 1316 1404 in
1353 1364 1595 1405 tetrametris
1634 1368 1765 1405 autem
1805 1363 2094 1418 diligentiorem
2132 1364 2209 1404 sibi
2246 1375 2412 1417 operam

437 1426 707 1483 collocandam
727 1443 899 1493 putaret.
941 1437 1130 1481 Ceterum
1161 1439 1269 1493 quod
1298 1427 1481 1494 Bentlejd
1510 1444 1676 1481 auctore
1704 1439 1780 1481 hos
1799 1439 1962 1480 Terenti
1982 1444 2237 1481 tetrametros
2258 1452 2410 1481 nume-

434 1515 783 1569 rorumipsorum
814 1499 1012 1570 elegantia
1050 1515 1318 1557 commendari
1358 1512 1582 1567 statuebat,
1621 1514 1722 1556 haec
1756 1514 1927 1569 primum
1963 1515 2097 1568 opinio
2136 1514 2254 1556 valde
2293 1513 2409 1574 nobis

435 1588 648 1633 minuenda
688 1593 764 1632 est.
823 1588 952 1632 Aliter
990 1589 1095 1632 enim
1134 1589 1302 1632 Romani
1340 1590 1419 1646 ipsi
1453 1589 1703 1646 judicabant,
1747 1590 1787 1631 in
1826 1589 1887 1631 his
1928 1589 2216 1643 Quintilianus,
2263 1589 2330 1645 qui
2368 1590 2410 1631 in

436 1664 608 1708 Institut.
640 1664 750 1708 Orat.
782 1665 842 1718 X,
875 1665 918 1708 1:
959 1665 1027 1718 „in
1058 1667 1282 1719 comoedia,
1321 1666 1472 1721 inquit,
1512 1666 1681 1708 maxime
1710 1666 1995 1716 claudicamus;
2036 1667 2130 1708 licet
2165 1691 2210 1699 —
2248 1666 2412 1708 Terenti

437 1740 587 1796 scripta
617 1765 669 1774 -—
703 1741 784 1783 sint
813 1765 864 1773 —
898 1728 1216 1798 elegantissima,
1247 1746 1298 1784 et
1327 1741 1441 1797 plus
1472 1741 1635 1784 adhuc
1663 1742 1903 1784 habitura
1932 1742 2154 1798 gratiae,
2195 1742 2240 1783 si
2269 1743 2410 1783 intra

436 1828 625 1858 versus
657 1817 928 1858 trimetros
959 1817 1287 1858 stetissent.“
1345 1817 1659 1872 Haudquaquam
1699 1818 1870 1859 nescivit
1900 1817 2187 1868 Quintilianus,
2226 1817 2334 1870 quod
2373 1817 2411 1857 ei

434 1891 729 1947 Bentlejuste
759 1892 895 1934 metris
929 1892 1090 1934 Terent.
1122 1906 1161 1946 p.
1185 1892 1270 1933 VIII
1299 1892 1406 1946 Lips.
1438 1894 1535 1933 satis
1566 1893 1665 1934 mire
1694 1894 1904 1948 opposuit,
1942 1893 2170 1934 comoedias
2202 1896 2307 1933 totas
2337 1904 2411 1946 per

435 1979 577 2009 omnes
607 1971 722 2008 actus
753 1968 850 2009 solis
881 1968 1070 2010 trimetris
1102 1980 1154 2009 ne
1192 1968 1345 2009 absolvi
1387 1968 1544 2022 quidem
1581 1980 1724 2022 posse,
1769 1969 1842 2010 sed
1881 1969 1932 2010 ob
1972 1969 2011 2008 id
2049 1969 2181 2022 ipsum
2222 1967 2410 2009 Terentio

434 2042 553 2084 ullam
594 2043 839 2085 comoediam
879 2044 1129 2086 scribendam
1168 2043 1294 2085 fuisse
1332 2044 1515 2099 negavit:
1567 2045 1633 2098 qui
1677 2044 1726 2085 ad
1763 2045 1965 2086 trimetros
1998 2057 2019 2085 a
2049 2044 2289 2085 tetrametris
2329 2043 2407 2084 de-

433 2122 572 2161 trusus
605 2119 682 2160 etsi
711 2120 777 2161 vel
807 2120 867 2161 sic
896 2120 1053 2175 Aesopi
1082 2118 1236 2161 fabulas
1278 2120 1434 2174 aliaque
1473 2120 1591 2161 latina
1620 2120 1753 2162 facere
1784 2125 1965 2175 poterat,
2006 2125 2138 2162 tamen
2180 2120 2274 2174 quid
2305 2119 2409 2160 aliud

434 2193 688 2249 potissimum
714 2200 868 2251 ageret,
900 2196 1089 2238 Terentio
1120 2196 1197 2251 ipsi
1227 2195 1481 2237 statuendum
1513 2200 1612 2248 erat,
1642 2207 1723 2236 non
1749 2195 2003 2244 Quintiliano.
2040 2196 2183 2249 Neque
2199 2195 2248 2237 ad
2264 2194 2407 2236 trime—

433 2272 521 2310 tros
553 2268 729 2323 Terenti,
761 2270 829 2326 qui
859 2271 907 2312 ab
939 2271 1122 2314 omnibus
1148 2273 1241 2327 Jure
1271 2271 1500 2324 laudantur,
1545 2271 1617 2313 sed
1646 2271 1696 2312 ad
1726 2275 1982 2313 tetrametros
2013 2271 2182 2312 maxime
2213 2271 2409 2325 spectavit

433 2334 556 2387 etiam
582 2345 810 2389 Pfiscianus
841 2347 904 2389 De
933 2348 1069 2389 metris
1110 2360 1211 2389 com.
1243 2360 1282 2402 p.
1313 2345 1399 2388 410
1429 2347 1550 2389 Gaisf.
1594 2348 1682 2402 qui:
1723 2347 1894 2400 „miror,
1934 2348 2081 2401 inquit,
2119 2346 2314 2401 quosdam
2344 2345 2409 2387 vel

434 2414 639 2477 abnegare
668 2433 765 2464 esse
793 2422 833 2462 in
865 2422 1029 2465 Terenti
1065 2422 1281 2465 comoediis
1319 2427 1468 2475 metra,
1514 2423 1579 2464 vel
1619 2436 1667 2464 ea
1708 2423 1822 2477 quasi
1864 2435 2010 2464 arcana
2050 2422 2242 2477 quaedam
2279 2426 2320 2463 et
2358 2421 2407 2462 ab

433 2495 619 2539 omnibus
649 2496 778 2539 doctis
808 2502 964 2540 semota
994 2497 1069 2540 sibi
1099 2497 1196 2541 solis
1228 2509 1322 2540 esse
1352 2498 1513 2553 cognita
1539 2497 1817 2542 confirmare.“
1869 2498 1919 2540 Et
1947 2500 2089 2540 iterum
2121 2511 2158 2552 p.
2190 2495 2293 2538 413:
2324 2495 2409 2548 „At

430 2570 526 2613 illud
557 2583 720 2627 quoque
750 2572 977 2625 sciendum,
1018 2572 1126 2628 quod
1165 2584 1305 2615 omnes
1344 2572 1501 2626 quidem
1532 2573 1682 2615 crebris
1721 2573 1979 2628 synaloephis
2010 2577 2051 2630 et
2081 2571 2406 2627 episynaloephis

432 2649 474 2687 et
503 2645 774 2690 collisionibus
806 2651 848 2689 et
872 2645 1160 2704 abjectionibus
1192 2658 1212 2689 s
1242 2647 1382 2690 literae
1413 2650 1508 2690 sunt
1537 2647 1599 2689 usi
1630 2647 1860 2690 scandendo
1891 2658 2037 2690 versus
2067 2657 2180 2700 suOS,
2204 2645 2406 2689 Teren-

431 2720 541 2764 tius
582 2725 745 2765 autem
785 2723 902 2779 plus
941 2723 1218 2767 omnibus.“
1277 2723 1350 2766 Hic
1388 2734 1550 2766 rursum
1580 2722 1784 2780 Bentlejus
1823 2723 1848 2766 l.
1880 2723 1903 2766 l.
1935 2736 1972 2779 p.
2003 2722 2078 2766 XX
2114 2722 2317 2765 Prisciano
2354 2721 2407 2764 ita

430 2797 674 2852 respondet,
715 2797 945 2842 Terentium
976 2798 1247 2855 synaloephas
1287 2799 1372 2841 illas
1404 2798 1454 2841 de
1484 2798 1679 2841 industria
1719 2799 1986 2855 appetivisse,
2025 2802 2070 2841 ut
2099 2798 2234 2841 vitiosi
2272 2798 2312 2839 in
2342 2797 2407 2839 ul-

431 2871 536 2914 timis
574 2873 738 2928 syllabis
776 2874 879 2916 ictus
919 2874 1152 2916 vitarentur.
1235 2875 1291 2916 At
1331 2878 1372 2916 et
1411 2875 1500 2929 ipse
1542 2874 1753 2916 Terentius
1794 2879 1934 2930 postea
1975 2873 2242 2929 synaloephas
2279 2872 2406 2929 magis

2028 2948 2092 2991 1*
